<?xml version="1.0" encoding="UTF-8"?><collection xmlns="http://www.loc.gov/MARC21/slim"><record><leader>00482nam--2200169-u-4500</leader><controlfield tag="001">000051693</controlfield><controlfield tag="002">20161230</controlfield><controlfield tag="005">20161230201049</controlfield><controlfield tag="008">080820s1000------------r-----000-0-eng-d</controlfield><datafield ind1=" " ind2=" " tag="040"><subfield code="a">IFIN-HH</subfield></datafield><datafield ind1="1" ind2=" " tag="100"><subfield code="a">Agrest,M.M</subfield></datafield><datafield ind1="1" ind2="0" tag="245"><subfield code="a">Tabliti funktii struve i integralov ot nih</subfield><subfield code="c">Labahua, S. N. ; Rikenglaz, M.M. ; Ceacivaia, T.S</subfield></datafield><datafield ind1=" " ind2=" " tag="260"><subfield code="a">Moskva</subfield><subfield code="b">Nauka</subfield><subfield code="c">1982</subfield></datafield><datafield ind1=" " ind2=" " tag="300"><subfield code="a">334 p</subfield></datafield><datafield ind1=" " ind2=" " tag="490"><subfield code="a">Matematiceskie tabliti</subfield></datafield><datafield ind1=" " ind2=" " tag="852"><subfield code="a">70930</subfield><subfield code="c">527.53:527.55</subfield></datafield><datafield ind1=" " ind2=" " tag="CAT"><subfield code="a">Sys</subfield><subfield code="c">20080820</subfield><subfield code="h">134910</subfield></datafield></record></collection>